<?xml version="1.0" encoding="UTF-8"?><collection xmlns="http://www.loc.gov/MARC21/slim"><record><leader>00504nam--2200181-i-4500</leader><controlfield tag="001">000009369</controlfield><controlfield tag="002">20161230</controlfield><controlfield tag="005">20161230201028</controlfield><controlfield tag="008">060222s1000------------r-----000-0-fre-d</controlfield><datafield ind1=" " ind2=" " tag="040"><subfield code="a">IFIN-HH</subfield></datafield><datafield ind1=" " ind2=" " tag="041"><subfield code="a">fre</subfield></datafield><datafield ind1=" " ind2=" " tag="080"><subfield code="a">539.1(043)</subfield></datafield><datafield ind1="1" ind2=" " tag="100"><subfield code="a">Grammaticos, Basile</subfield></datafield><datafield ind1="1" ind2="0" tag="245"><subfield code="a">Applications de la theorie du champ-consistant en physique nucleaire</subfield><subfield code="b">These</subfield><subfield code="c">Basile grammaticos</subfield></datafield><datafield ind1=" " ind2=" " tag="260"><subfield code="a">Paris</subfield><subfield code="b">Universite Paris-sud</subfield><subfield code="c">1977</subfield></datafield><datafield ind1=" " ind2=" " tag="300"><subfield code="a">337P</subfield></datafield><datafield ind1=" " ind2=" " tag="852"><subfield code="a">46349</subfield><subfield code="c">539</subfield></datafield><datafield ind1=" " ind2=" " tag="CAT"><subfield code="a">Sys</subfield><subfield code="c">20111011</subfield><subfield code="h">143105</subfield></datafield></record></collection>